@inbook{levenshtein,
  author="Левенштейн, В. И.",
  title="Двоичные коды с исправлением выпадений, вставок и замещений символов",
  publisher="-- М.: Издательство «Наука», Доклады АН СССР",
  volume=163,
  chapter=4,
  pages="845--848",
  language="russian",
  year=1965
}

@inbook{damerau-levenshtein,
  author="Черненький В. М., Гапанюк Ю. Е.",
  title="Методика идентификации пассажира по установочным данным",
  publisher="-- М.: Вестник МГТУ им. Н.Э. Баумана. Сер. “Приборостроение”",
  volume=163,
  chapter=4,
  pages="30-34",
  language="russian",
  year=2012
}


@misc{python-lang,
	title="Welcome to Python [Электронный ресурс]",
	howpublished="Режим доступа: \url{https://www.python.org} (дата обращения: 17.09.2022)"
}

@misc{python-lang-time,
	title="time — Time access and conversions [Электронный ресурс]",
	howpublished="Режим доступа: \url{https://docs.python.org/3/library/time.html#functions} (дата обращения: 17.09.2022)"
}


@misc{macos,
	title="macOS Monterey [Электронный ресурс]",
	howpublished="Режим доступа: \url{https://www.apple.com/macos/monterey/} (дата обращения: 17.09.2022)"
}

@misc{linux,
	title="Linux [Электронный ресурс]",
	howpublished="Режим доступа: \url{https://www.linux.org/forums/#linux-tutorials.122} (дата обращения: 17.09.2022)"
}

@misc{intel,
	title="Процессор Intel® Core™ i7 [Электронный ресурс]",
	howpublished="Режим доступа: \url{https://www.intel.com/processors/core/i7/docs} (дата обращения: 17.09.2022)"
}

@misc{model,
		title="М. В. Ульянов Ресурсно-эффективные компьютерные алгоритмы. Разработка и анализ."},
		year=2007
}
